@Article {turing,
  author  = "Alan Turing",
  title   = "Checking a large routine",
  journal = "Conference on High Speed automatic Calculating Machines",
  year    = "1949"
}

@Article {lazy-interpolants,
  author  = "Kenneth L. McMillan",
  title   = "Lazy Abstraction with Interpolants",
  journal = "CAV",
  year    = "2006"
}

@Article {solving-horn-inter,
  author  = "Kenneth L. McMillan and Andrey Rybalchenko",
  title   = "Solving Constrained Horn Clauses using Interpolation",
  journal = "Technical Report MSR-TR-2013-6",
  year    = "2013"
}

@Article {program-termination,
  author  = "Byron Cook and Andreas Podelski and Andrey Rybalchenko",
  title   = "Proving program termination",
  journal = "ACM",
  volume  = "54",
  number  = "5",
  pages   = "88-98",
  year    = "2011",
  DOI     = "10.1145/1941487.1941509"
}

@Article {beautiful-interpolants,
  author  = "Aws  Albarghouthi and Kenneth L. McMillan",
  title   = "Beautiful Interpolants",
  journal = "CAV",
  year    = "2013"
}

@Article {harris,
  author  = "Qi Zhou and David Heath and William Harris",
  title   = "Completely Automated Equivalence Proofs",
  journal = "ACM",
  year    = "2017"
}

@Article {do-good,
  author  = "Byron Cook and Alexey Gotsman and Andreas Podelski and Andrey Rybalchenko and Moshe Y. Vardi",
  title   = "Proving that programs eventually do something good",
  journal = "POPL",
  year    = "2007",
}

@Article {under-over-approx,
  author  = "Aws Albarghouthi and Arie Gurfinkel and Marsha Chechik",
  title   = "Under-Approximations to Over-Approximations and Back",
  journal = "TACAS",
  year    = "2012"
}

@Article {interpolant-strength,
  author  = "Vijay D'Silva and Daniel Kroening and Mitra Purandare and Georg Weissenbacher",
  title   = "Interpolant Strength",
  journal = "VMCAI",
  year    = "2010"
}

@Article {data-driven,
  author  = "He Zhu and Stephen Magill and Suresh Jagannathan",
  title   = "Data-Driven CHC Solver",
  journal = "PLDI",
  year    = "2018"
}

@misc{github,
  author = {Michael Eden},
  title = {Non-Linear CHCs},
  year = {2018},
  publisher = {GitHub},
  journal = {GitHub repository},
  howpublished = {\url{https://github.com/illegalprime/nonlinear-chcs}},
  commit = {4f57d6a0e4c030202a07a60bc1bb1ed1544bf679}
}


